<?xml version="1.0" encoding="UTF-8"?><collection xmlns="http://www.loc.gov/MARC21/slim"><record><leader>00605nam--2200169-i-4500</leader><controlfield tag="001">000042329</controlfield><controlfield tag="002">20161230</controlfield><controlfield tag="005">20161230201043</controlfield><controlfield tag="008">060222s1000------------r-----000-0-eng-d</controlfield><datafield ind1=" " ind2=" " tag="040"><subfield code="a">IFIN-HH</subfield></datafield><datafield ind1=" " ind2=" " tag="080"><subfield code="a">539.12.047</subfield></datafield><datafield ind1="1" ind2=" " tag="110"><subfield code="a">United Nations Scientific Committee On The Effects And Atomic Radiation</subfield></datafield><datafield ind1="1" ind2="0" tag="245"><subfield code="a">Sources and effects of ionizing radiation</subfield><subfield code="b">United nations scientific commitee on the effects of atomic radiation 1977 report to the general assmbly, with annexes</subfield></datafield><datafield ind1=" " ind2=" " tag="260"><subfield code="a">New York</subfield><subfield code="b">United Nations</subfield><subfield code="c">1977</subfield></datafield><datafield ind1=" " ind2=" " tag="300"><subfield code="a">725P</subfield></datafield><datafield ind1=" " ind2=" " tag="852"><subfield code="a">48270</subfield><subfield code="c">539.12.04</subfield></datafield><datafield ind1=" " ind2=" " tag="CAT"><subfield code="a">Sys</subfield><subfield code="c">20120210</subfield><subfield code="h">093510</subfield></datafield></record></collection>